%% Insert your bibliography here

@article{Ketter2016,
  title   = {{A Multiagent Competitive Gaming Platform to Address Societal Challenges}},
  year    = {2016},
  journal = {MIS Quarterly},
  author  = {Ketter, Wolfgang and Peters, Markus and Collins, John},
  number  = {2},
  pages   = {447--460},
  volume  = {40},
  isbn    = {02767783},
  doi     = {10.25300/MISQ/2016/40.2.09},
  issn    = {02767783}
}

@article{OptSimFramework,
  author  = {Burak Boyaci, Konstantinos G. Zografos, Nikolas Geroliminis},
  journal = {Elsevier Transportation Research Part B: Methodological},
  number  = {95},
  title   = {An integrated Optimization-simulation framework for vehicle and personnel relocations of electric carsharing systems with reservations},
  year    = {2016},
  pages   = {214-237},
  doi     = {10.1016/j.trb.2016.10.007}
}

@article{Nourinejad2014,
  author  = {Mehdi Nourinejad, Matthew J. Roorda},
  journal = {Elsevier Transportation Research Part E},
  number  = {66},
  title   = {A dynamic carsharing decision support system},
  volume  = {66},
  year    = {2014},
  pages   = {36-50},
  doi     = {10.1016/j.tre.2014.03.003}
}

@article{Emissions2018,
  author  = {Jiyeon Jung, Yoonmo Koo},
  journal = {Sustainability 2018},
  number  = {10},
  title   = {Analyzing the Effects of Car Sharing Services on the Reduction of Greenhouse Gas (GHG) Emissions},
  volume  = {2},
  year    = {2018},
  doi     = {10.3390/su10020539},
  pages   = {539;}
}

@article{UlmEnv2011,
  author  = {Jörg Firnkorn, Martin Müller},
  journal = {Elsevier Ecological Economics},
  number  = {70},
  title   = {What will be the environmental effects of new free-floating car-sharing systems? The case of car2go in Ulm},
  year    = {2011},
  pages   = {1519-1528}
}